@article{gentleman1997r,
  title={The R project for statistical computing},
  author={Gentleman, Robert and Ihaka, Ross and Bates, D and others},
  journal={R home web site: http://www. r-project. org},
  year={1997}
}

@article{becker1988new,
  title={The new S language},
  author={Becker, Richard A and Chambers, John M and Wilks, Allan R},
  journal={Pacific Grove, Ca.: Wadsworth \& Brooks, 1988},
  year={1988}
}

@Article{ctv,
   title = {CRAN Task Views},
   author = {Achim Zeileis},
   journal = {R News},
   year = {2005},
   volume = {5},
   number = {1},
   pages = {39--40},
   url = {https://CRAN.R-project.org/doc/Rnews/},
}
  
@article{kuhn2008caret,
  title={Caret package},
  author={Kuhn, Max},
  journal={Journal of Statistical Software},
  volume={28},
  number={5},
  pages={1--26},
  year={2008}
}


@article{pinheiro2009linear,
  title={Linear and nonlinear mixed effects models},
  author={Pinheiro, Jose and Bates, Douglas and DebRoy, Saikat and Sarkar, Deepayan},
  journal={R package version},
  pages={3--1},
  year={2009}
}

@article{wood2017mgcv,
  title={The mgcv package},
  author={Wood, Simon and Wood, Maintainer Simon},
  journal={www. r-project. org},
  year={2007}
}

@article{friedman2009glmnet,
  title={glmnet: Lasso and elastic-net regularized generalized linear models},
  author={Friedman, Jerome and Hastie, Trevor and Tibshirani, Rob},
  journal={R package version},
  volume={1},
  number={4},
  year={2009}
}


@article{chang2015shiny,
  title={Shiny: web application framework for R},
  author={Chang, Winston and Cheng, Joe and Allaire, J and Xie, Yihui and McPherson, Jonathan},
  journal={R package version 0.11},
  volume={1},
  year={2015}
}


@article{baumer2014r,
  title={R Markdown: Integrating a reproducible analysis tool into introductory statistics},
  author={Baumer, Ben and Cetinkaya-Rundel, Mine and Bray, Andrew and Loi, Linda and Horton, Nicholas J},
  journal={arXiv preprint arXiv:1402.1894},
  year={2014}
}


@article{zeileis2005zoo,
  title={zoo: S3 infrastructure for regular and irregular time series},
  author={Zeileis, Achim and Grothendieck, Gabor},
  journal={arXiv preprint math/0505527},
  year={2005}
}

@article{ryan2011xts,
  title={xts: Extensible time series},
  author={Ryan, Jeffrey A and Ulrich, Joshua M},
  journal={R package version 0.8-2},
  year={2011}
}

@techreport{hyndman2007automatic,
  title={Automatic time series for forecasting: the forecast package for R},
  author={Hyndman, Rob J and Khandakar, Yeasmin and others},
  year={2007},
  institution={Monash University, Department of Econometrics and Business Statistics}
}

@techreport{hyndman2007automatic,
  title={Automatic time series for forecasting: the forecast package for R},
  author={Hyndman, Rob J and Khandakar, Yeasmin and others},
  year={2007},
  institution={Monash University, Department of Econometrics and Business Statistics}
}

@article{eddelbuettel2011rcpp,
  title={Rcpp: Seamless R and C++ integration},
  author={Eddelbuettel, Dirk and Fran{\c{c}}ois, Romain and Allaire, J and Chambers, John and Bates, Douglas and Ushey, Kevin},
  journal={Journal of Statistical Software},
  volume={40},
  number={8},
  pages={1--18},
  year={2011}
}

@article{lang2012xml,
  title={XML: Tools for parsing and generating XML within R and S-Plus},
  author={Lang, Duncan Temple and CRAN Team and others},
  journal={R package version},
  pages={3--9},
  year={2012}
}

@article{ooms2014jsonlite,
  title={The jsonlite package: A practical and consistent mapping between json data and r objects},
  author={Ooms, Jeroen},
  journal={arXiv preprint arXiv:1403.2805},
  year={2014}
}

@article{wickham2015devtools,
  title={devtools: tools to make developing R packages easier},
  author={Wickham, Hadley and Chang, Winston},
  journal={R package version},
  volume={1},
  number={0},
  year={2015}
}

@article{wickham2017tidyverse,
  title={Tidyverse: Easily install and load’tidyverse’packages},
  author={Wickham, Hadley},
  journal={R package version},
  volume={1},
  number={1},
  year={2017}
}
