@Book{xie2015,
  title = {Dynamic Documents with {R} and knitr},
  author = {Yihui Xie},
  publisher = {Chapman and Hall/CRC},
  address = {Boca Raton, Florida},
  year = {2015},
  edition = {2nd},
  note = {ISBN 978-1498716963},
  url = {http://yihui.name/knitr/},
}

@book{dybvig1996scheme,
  title={The Scheme Programming Language: ANSI Scheme},
  author={Dybvig, R Kent},
  year={1996},
  publisher={Prentice Hall PTR}
}

@misc{wickham2014advanced,
  title={Advanced R programming},
  author={Wickham, Hadley},
  year={2014},
  publisher={Boca Raton, FL: Chapman \& Hall/CRC. URL http://adv-r. had. co. nz}
}

@book{burns2012r,
  title={The R inferno},
  author={Burns, Patrick},
  year={2012},
  publisher={Lulu. com}
}

@book{friedman2001elements,
  title={The elements of statistical learning},
  author={Friedman, Jerome and Hastie, Trevor and Tibshirani, Robert},
  volume={1},
  year={2001},
  publisher={Springer series in statistics Springer, Berlin}
}

@book{bretz2011multiple,
  title={Multiple comparisons using R},
  author={Bretz, Frank and Hothorn, Torsten and Westfall, Peter H and others},
  year={2011},
  publisher={CRC Press Boca Raton}
}

@book{fox2002r,
  title={An R and S-Plus companion to applied regression},
  author={Fox, John},
  year={2002},
  publisher={Sage}
}

@book{hyndman2014forecasting,
  title={Forecasting: principles and practice},
  author={Hyndman, Rob J and Athanasopoulos, George},
  year={2014},
  publisher={OTexts}
}

@article{gentleman1997r,
  title={The R project for statistical computing},
  author={Gentleman, Robert and Ihaka, Ross and Bates, D and others},
  journal={R home web site: http://www. r-project. org},
  year={1997}
}

@article{becker1988new,
  title={The new S language},
  author={Becker, Richard A and Chambers, John M and Wilks, Allan R},
  journal={Pacific Grove, Ca.: Wadsworth \& Brooks, 1988},
  year={1988}
}

@article{de2016formal,
  title={A formal definition of Big Data based on its essential features},
  author={De Mauro, Andrea and Greco, Marco and Grimaldi, Michele},
  journal={Library Review},
  volume={65},
  number={3},
  pages={122--135},
  year={2016},
  publisher={Emerald Group Publishing Limited}
}

@Article{ctv,
  title = {CRAN Task Views},
  author = {Achim Zeileis},
  journal = {R News},
  year = {2005},
  volume = {5},
  number = {1},
  pages = {39--40},
  url = {https://CRAN.R-project.org/doc/Rnews/},
}

@article{wickham2014tidy,
  title={Tidy data},
  author={Wickham, Hadley and others},
  journal={Journal of Statistical Software},
  volume={59},
  number={10},
  pages={1--23},
  year={2014},
  publisher={Foundation for Open Access Statistics}
}

@article{kuhn2008caret,
  title={Caret package},
  author={Kuhn, Max},
  journal={Journal of Statistical Software},
  volume={28},
  number={5},
  pages={1--26},
  year={2008}
}

@article{pinheiro2009linear,
  title={Linear and nonlinear mixed effects models},
  author={Pinheiro, Jose and Bates, Douglas and DebRoy, Saikat and Sarkar, Deepayan},
  journal={R package version},
  pages={3--1},
  year={2009}
}

@article{wood2017mgcv,
  title={The mgcv package},
  author={Wood, Simon and Wood, Maintainer Simon},
  journal={www. r-project. org},
  year={2007}
}

@article{friedman2009glmnet,
  title={glmnet: Lasso and elastic-net regularized generalized linear models},
  author={Friedman, Jerome and Hastie, Trevor and Tibshirani, Rob},
  journal={R package version},
  volume={1},
  number={4},
  year={2009}
}

@article{chang2015shiny,
  title={Shiny: web application framework for R},
  author={Chang, Winston and Cheng, Joe and Allaire, J and Xie, Yihui and McPherson, Jonathan},
  journal={R package version 0.11},
  volume={1},
  year={2015}
}

@article{baumer2014r,
  title={R Markdown: Integrating a reproducible analysis tool into introductory statistics},
  author={Baumer, Ben and Cetinkaya-Rundel, Mine and Bray, Andrew and Loi, Linda and Horton, Nicholas J},
  journal={arXiv preprint arXiv:1402.1894},
  year={2014}
}

@article{zeileis2005zoo,
  title={zoo: S3 infrastructure for regular and irregular time series},
  author={Zeileis, Achim and Grothendieck, Gabor},
  journal={arXiv preprint math/0505527},
  year={2005}
}

@article{ryan2011xts,
  title={xts: Extensible time series},
  author={Ryan, Jeffrey A and Ulrich, Joshua M},
  journal={R package version 0.8-2},
  year={2011}
}

@techreport{hyndman2007automatic,
  title={Automatic time series for forecasting: the forecast package for R},
  author={Hyndman, Rob J and Khandakar, Yeasmin and others},
  year={2007},
  institution={Monash University, Department of Econometrics and Business Statistics}
}

@article{eddelbuettel2011rcpp,
  title={Rcpp: Seamless R and C++ integration},
  author={Eddelbuettel, Dirk and Fran{\c{c}}ois, Romain and Allaire, J and Chambers, John and Bates, Douglas and Ushey, Kevin},
  journal={Journal of Statistical Software},
  volume={40},
  number={8},
  pages={1--18},
  year={2011}
}

@article{lang2012xml,
  title={XML: Tools for parsing and generating XML within R and S-Plus},
  author={Lang, Duncan Temple and CRAN Team and others},
  journal={R package version},
  pages={3--9},
  year={2012}
}

@article{ooms2014jsonlite,
  title={The jsonlite package: A practical and consistent mapping between json data and r objects},
  author={Ooms, Jeroen},
  journal={arXiv preprint arXiv:1403.2805},
  year={2014}
}

@article{wickham2015devtools,
  title={devtools: tools to make developing R packages easier},
  author={Wickham, Hadley and Chang, Winston},
  journal={R package version},
  volume={1},
  number={0},
  year={2015}
}

@article{yee2007vector,
  title={Vector generalized linear and additive models},
  author={Yee, Thomas W},
  year={2007},
  publisher={Springer}
}

@misc{tufte2014visual,
  title={The visual display of quantitative information.; 1983},
  author={Tufte, Edward and Graves-Morris, P},
  year={2014}
}

@article{reichmann1961use,
  title={Use and abuse of statistics: Methuen},
  author={Reichmann, WJ},
  journal={1961},
  year={1961}
}

@book{barnett1974outliers,
  title={Outliers in statistical data},
  author={Barnett, Vic and Lewis, Toby},
  year={1974},
  publisher={Wiley}
}

